%YAML 1.1
%TAG !u! tag:unity3d.com,2011:
--- !u!65 &4169598069851426745
BoxCollider:
  m_ObjectHideFlags: 0
  m_CorrespondingSourceObject: {fileID: 0}
  m_PrefabInstance: {fileID: 0}
  m_PrefabAsset: {fileID: 0}
  m_GameObject: {fileID: 5384876178936416719}
  m_Material: {fileID: 0}
  m_IsTrigger: 0
  m_Enabled: 1
  serializedVersion: 2
  m_Size: {x: 4.4999995, y: 4.500002, z: 4.02066}
  m_Center: {x: -1.7499998, y: 1.750001, z: 2.0014508}
--- !u!1 &6177570803828856395
GameObject:
  m_ObjectHideFlags: 0
  m_CorrespondingSourceObject: {fileID: 0}
  m_PrefabInstance: {fileID: 0}
  m_PrefabAsset: {fileID: 0}
  serializedVersion: 6
  m_Component:
  - component: {fileID: 4025342075756103103}
  m_Layer: 10
  m_Name: Collision
  m_TagString: Untagged
  m_Icon: {fileID: 0}
  m_NavMeshLayer: 0
  m_StaticEditorFlags: 4294967295
  m_IsActive: 1
--- !u!4 &4025342075756103103
Transform:
  m_ObjectHideFlags: 0
  m_CorrespondingSourceObject: {fileID: 0}
  m_PrefabInstance: {fileID: 0}
  m_PrefabAsset: {fileID: 0}
  m_GameObject: {fileID: 6177570803828856395}
  m_LocalRotation: {x: -0, y: -0, z: -0, w: 1}
  m_LocalPosition: {x: 3.93, y: 0, z: -3.79}
  m_LocalScale: {x: 1, y: 1, z: 1}
  m_Children: []
  m_Father: {fileID: 2173532012896994884}
  m_RootOrder: 2
  m_LocalEulerAnglesHint: {x: 0, y: 0, z: 0}
--- !u!1 &7337018535038421970
GameObject:
  m_ObjectHideFlags: 0
  m_CorrespondingSourceObject: {fileID: 0}
  m_PrefabInstance: {fileID: 0}
  m_PrefabAsset: {fileID: 0}
  serializedVersion: 6
  m_Component:
  - component: {fileID: 2173532012896994884}
  - component: {fileID: 2854241716405719744}
  m_Layer: 10
  m_Name: LEGO_Habillage_Mur_CoinInterieur_4x4x1_01
  m_TagString: Untagged
  m_Icon: {fileID: 0}
  m_NavMeshLayer: 0
  m_StaticEditorFlags: 4294967295
  m_IsActive: 1
--- !u!4 &2173532012896994884
Transform:
  m_ObjectHideFlags: 0
  m_CorrespondingSourceObject: {fileID: 0}
  m_PrefabInstance: {fileID: 0}
  m_PrefabAsset: {fileID: 0}
  m_GameObject: {fileID: 7337018535038421970}
  m_LocalRotation: {x: 0, y: 0, z: 0, w: 1}
  m_LocalPosition: {x: 0, y: 0, z: 0}
  m_LocalScale: {x: 1, y: 1, z: 1}
  m_Children:
  - {fileID: 5384876178935928303}
  - {fileID: 6143889846891548617}
  - {fileID: 4025342075756103103}
  m_Father: {fileID: 0}
  m_RootOrder: 0
  m_LocalEulerAnglesHint: {x: 0, y: 0, z: 0}
--- !u!114 &2854241716405719744
MonoBehaviour:
  m_ObjectHideFlags: 0
  m_CorrespondingSourceObject: {fileID: 0}
  m_PrefabInstance: {fileID: 0}
  m_PrefabAsset: {fileID: 0}
  m_GameObject: {fileID: 7337018535038421970}
  m_Enabled: 1
  m_EditorHideFlags: 0
  m_Script: {fileID: 11500000, guid: e67a985571ee62948be5a440f7c7092b, type: 3}
  m_Name: 
  m_EditorClassIdentifier: 
  rd: {fileID: 0}
--- !u!1 &7463782478315330341
GameObject:
  m_ObjectHideFlags: 0
  m_CorrespondingSourceObject: {fileID: 0}
  m_PrefabInstance: {fileID: 0}
  m_PrefabAsset: {fileID: 0}
  serializedVersion: 6
  m_Component:
  - component: {fileID: 6143889846891548617}
  m_Layer: 10
  m_Name: Sound
  m_TagString: Untagged
  m_Icon: {fileID: 0}
  m_NavMeshLayer: 0
  m_StaticEditorFlags: 4294967295
  m_IsActive: 1
--- !u!4 &6143889846891548617
Transform:
  m_ObjectHideFlags: 0
  m_CorrespondingSourceObject: {fileID: 0}
  m_PrefabInstance: {fileID: 0}
  m_PrefabAsset: {fileID: 0}
  m_GameObject: {fileID: 7463782478315330341}
  m_LocalRotation: {x: -0, y: -0, z: -0, w: 1}
  m_LocalPosition: {x: 3.93, y: 0, z: -3.79}
  m_LocalScale: {x: 1, y: 1, z: 1}
  m_Children: []
  m_Father: {fileID: 2173532012896994884}
  m_RootOrder: 1
  m_LocalEulerAnglesHint: {x: 0, y: 0, z: 0}
--- !u!1001 &5384876178936319855
PrefabInstance:
  m_ObjectHideFlags: 0
  serializedVersion: 2
  m_Modification:
    m_TransformParent: {fileID: 2173532012896994884}
    m_Modifications:
    - target: {fileID: 100000, guid: e268f595b638d85468983e8711bfe367, type: 3}
      propertyPath: m_Name
      value: GB_Habillage_Mur_CoinInterieur_4x4x1_01
      objectReference: {fileID: 0}
    - target: {fileID: 100000, guid: e268f595b638d85468983e8711bfe367, type: 3}
      propertyPath: m_TagString
      value: Ground
      objectReference: {fileID: 0}
    - target: {fileID: 100000, guid: e268f595b638d85468983e8711bfe367, type: 3}
      propertyPath: m_StaticEditorFlags
      value: 4294967295
      objectReference: {fileID: 0}
    - target: {fileID: 100000, guid: e268f595b638d85468983e8711bfe367, type: 3}
      propertyPath: m_Layer
      value: 10
      objectReference: {fileID: 0}
    - target: {fileID: 400000, guid: e268f595b638d85468983e8711bfe367, type: 3}
      propertyPath: m_LocalPosition.x
      value: 0
      objectReference: {fileID: 0}
    - target: {fileID: 400000, guid: e268f595b638d85468983e8711bfe367, type: 3}
      propertyPath: m_LocalPosition.y
      value: 0
      objectReference: {fileID: 0}
    - target: {fileID: 400000, guid: e268f595b638d85468983e8711bfe367, type: 3}
      propertyPath: m_LocalPosition.z
      value: 0
      objectReference: {fileID: 0}
    - target: {fileID: 400000, guid: e268f595b638d85468983e8711bfe367, type: 3}
      propertyPath: m_LocalRotation.x
      value: -0.7071068
      objectReference: {fileID: 0}
    - target: {fileID: 400000, guid: e268f595b638d85468983e8711bfe367, type: 3}
      propertyPath: m_LocalRotation.y
      value: -0
      objectReference: {fileID: 0}
    - target: {fileID: 400000, guid: e268f595b638d85468983e8711bfe367, type: 3}
      propertyPath: m_LocalRotation.z
      value: -0
      objectReference: {fileID: 0}
    - target: {fileID: 400000, guid: e268f595b638d85468983e8711bfe367, type: 3}
      propertyPath: m_LocalRotation.w
      value: 0.7071068
      objectReference: {fileID: 0}
    - target: {fileID: 400000, guid: e268f595b638d85468983e8711bfe367, type: 3}
      propertyPath: m_RootOrder
      value: 0
      objectReference: {fileID: 0}
    - target: {fileID: 400000, guid: e268f595b638d85468983e8711bfe367, type: 3}
      propertyPath: m_LocalEulerAnglesHint.x
      value: 0
      objectReference: {fileID: 0}
    - target: {fileID: 400000, guid: e268f595b638d85468983e8711bfe367, type: 3}
      propertyPath: m_LocalEulerAnglesHint.y
      value: 0
      objectReference: {fileID: 0}
    - target: {fileID: 400000, guid: e268f595b638d85468983e8711bfe367, type: 3}
      propertyPath: m_LocalEulerAnglesHint.z
      value: 0
      objectReference: {fileID: 0}
    - target: {fileID: 2300000, guid: e268f595b638d85468983e8711bfe367, type: 3}
      propertyPath: m_Materials.Array.data[1]
      value: 
      objectReference: {fileID: 2100000, guid: 0212185f53ea74a4db9bc6cb76a41437, type: 2}
    - target: {fileID: 2300000, guid: e268f595b638d85468983e8711bfe367, type: 3}
      propertyPath: m_Materials.Array.data[0]
      value: 
      objectReference: {fileID: 2100000, guid: a17c265685b80804ea20015756b02b55, type: 2}
    m_RemovedComponents: []
  m_SourcePrefab: {fileID: 100100000, guid: e268f595b638d85468983e8711bfe367, type: 3}
--- !u!1 &5384876178936416719 stripped
GameObject:
  m_CorrespondingSourceObject: {fileID: 100000, guid: e268f595b638d85468983e8711bfe367,
    type: 3}
  m_PrefabInstance: {fileID: 5384876178936319855}
  m_PrefabAsset: {fileID: 0}
--- !u!4 &5384876178935928303 stripped
Transform:
  m_CorrespondingSourceObject: {fileID: 400000, guid: e268f595b638d85468983e8711bfe367,
    type: 3}
  m_PrefabInstance: {fileID: 5384876178936319855}
  m_PrefabAsset: {fileID: 0}
